<collection xmlns="http://www.loc.gov/MARC21/slim">
<record>
  <leader>02521nam0a2200445 i 450 </leader>
  <controlfield tag="001">IT\ICCU\CNCE\013977</controlfield>
  <controlfield tag="005">20120502000000.0</controlfield>
  <datafield tag="012" ind1=" " ind2=" ">
    <subfield code="a">ioar a-lo i,co alla (3) 1571 (R)</subfield>
    <subfield code="2">fei</subfield>
  </datafield>
  <datafield tag="100" ind1=" " ind2=" ">
    <subfield code="a">19970101d1571        0itac0103    ba</subfield>
  </datafield>
  <datafield tag="101" ind1=" " ind2=" ">
    <subfield code="a">ITA</subfield>
  </datafield>
  <datafield tag="102" ind1=" " ind2=" ">
    <subfield code="a">IT</subfield>
  </datafield>
  <datafield tag="200" ind1="1" ind2=" ">
    <subfield code="a">Della vera maniera del vincere il Turco, discorso di Don Marco Vberti Correggiaio da Pauia, Bianteo Academico Affidato, &amp; Canonico regolare Lateranese</subfield>
  </datafield>
  <datafield tag="210" ind1=" " ind2=" ">
    <subfield code="a">In Padoua</subfield>
    <subfield code="c">appresso Marcantonio Olmo</subfield>
    <subfield code="d">1571</subfield>
    <subfield code="e">Stampato in Padoua</subfield>
    <subfield code="g">per Lorenzo Pasquati</subfield>
    <subfield code="g">ad instantia di Marcantonio Olmo</subfield>
    <subfield code="h">1571</subfield>
  </datafield>
  <datafield tag="215" ind1=" " ind2=" ">
    <subfield code="a">\4!, 58, \2! c.</subfield>
    <subfield code="d">8ʻ</subfield>
  </datafield>
  <datafield tag="620" ind1=" " ind2=" ">
    <subfield code="a">IT</subfield>
    <subfield code="d">Padova</subfield>
  </datafield>
  <datafield tag="700" ind1=" " ind2="1">
    <subfield code="a">Correggiari de Ubertis,</subfield>
    <subfield code="b">Marco</subfield>
    <subfield code="3">IT\ICCU\CNCA\003623</subfield>
  </datafield>
  <datafield tag="712" ind1="0" ind2="0">
    <subfield code="a">Olmo, Marcantonio</subfield>
    <subfield code="3">IT\ICCU\CNCT\001616</subfield>
    <subfield code="4">650</subfield>
  </datafield>
  <datafield tag="712" ind1="0" ind2="0">
    <subfield code="a">Pasquato, Lorenzo</subfield>
    <subfield code="3">IT\ICCU\CNCT\000004</subfield>
    <subfield code="4">650</subfield>
  </datafield>
  <datafield tag="790" ind1=" " ind2="0">
    <subfield code="a">Bianteo Accademico Affidato</subfield>
    <subfield code="3">IT\ICCU\CNCA\012793</subfield>
    <subfield code="z">Correggiari de Ubertis, Marco</subfield>
  </datafield>
  <datafield tag="790" ind1=" " ind2="1">
    <subfield code="a">Correggiaio,</subfield>
    <subfield code="b">Marco Uberti</subfield>
    <subfield code="3">IT\ICCU\CNCA\014000</subfield>
    <subfield code="z">Correggiari de Ubertis, Marco</subfield>
  </datafield>
  <datafield tag="790" ind1=" " ind2="1">
    <subfield code="a">Correggio,</subfield>
    <subfield code="b">Marco</subfield>
    <subfield code="3">IT\ICCU\CNCA\014003</subfield>
    <subfield code="z">Correggiari de Ubertis, Marco</subfield>
  </datafield>
  <datafield tag="790" ind1=" " ind2="1">
    <subfield code="a">Correggiaio,</subfield>
    <subfield code="b">Matteo</subfield>
    <subfield code="3">IT\ICCU\CNCA\014005</subfield>
    <subfield code="z">Correggiari de Ubertis, Marco</subfield>
  </datafield>
  <datafield tag="791" ind1="0" ind2="0">
    <subfield code="a">Ulmus, Marcus Antonius</subfield>
    <subfield code="3">IT\ICCU\CNCT\002447</subfield>
    <subfield code="z">Olmo, Marcantonio</subfield>
  </datafield>
  <datafield tag="791" ind1="0" ind2="0">
    <subfield code="a">Paschatius, Laurentius</subfield>
    <subfield code="3">IT\ICCU\CNCT\002466</subfield>
    <subfield code="z">Pasquato, Lorenzo</subfield>
  </datafield>
  <datafield tag="791" ind1="0" ind2="0">
    <subfield code="a">Pasqualius, Laurentius</subfield>
    <subfield code="3">IT\ICCU\CNCT\004022</subfield>
    <subfield code="z">Pasquato, Lorenzo</subfield>
  </datafield>
  <datafield tag="791" ind1="0" ind2="0">
    <subfield code="a">Pasquale, Lorenzo</subfield>
    <subfield code="3">IT\ICCU\CNCT\004023</subfield>
    <subfield code="z">Pasquato, Lorenzo</subfield>
  </datafield>
  <datafield tag="791" ind1="0" ind2="0">
    <subfield code="a">Pasquatus, Laurentius</subfield>
    <subfield code="3">IT\ICCU\CNCT\005296</subfield>
    <subfield code="z">Pasquato, Lorenzo</subfield>
  </datafield>
  <datafield tag="791" ind1="0" ind2="0">
    <subfield code="a">Pasquatius, Laurentius</subfield>
    <subfield code="3">IT\ICCU\CNCT\005297</subfield>
    <subfield code="z">Pasquato, Lorenzo</subfield>
  </datafield>
  <datafield tag="791" ind1="0" ind2="0">
    <subfield code="a">Pasquatto, Lorenzo</subfield>
    <subfield code="3">IT\ICCU\CNCT\005298</subfield>
    <subfield code="z">Pasquato, Lorenzo</subfield>
  </datafield>
  <datafield tag="791" ind1="0" ind2="0">
    <subfield code="a">Pasquati, Lorenzo</subfield>
    <subfield code="3">IT\ICCU\CNCT\005299</subfield>
    <subfield code="z">Pasquato, Lorenzo</subfield>
  </datafield>
  <datafield tag="801" ind1=" " ind2="3">
    <subfield code="a">IT</subfield>
    <subfield code="b">ICCU</subfield>
    <subfield code="c">20201114</subfield>
  </datafield>
  <datafield tag="899" ind1=" " ind2=" ">
    <subfield code="a">Biblioteca universitaria. Bologna</subfield>
    <subfield code="1">BO0098</subfield>
    <subfield code="2">UBO BU</subfield>
  </datafield>
  <datafield tag="899" ind1=" " ind2=" ">
    <subfield code="a">Biblioteca Apostolica Vaticana. Citt ̉del Vaticano</subfield>
    <subfield code="1">EX0001</subfield>
    <subfield code="2">ZCV 01</subfield>
  </datafield>
  <datafield tag="899" ind1=" " ind2=" ">
    <subfield code="a">Biblioteca universitaria. Pavia</subfield>
    <subfield code="1">PV0291</subfield>
    <subfield code="2">MIL UP</subfield>
  </datafield>
  <datafield tag="899" ind1=" " ind2=" ">
    <subfield code="a">Biblioteca universitaria Alessandrina. Roma</subfield>
    <subfield code="1">RM0280</subfield>
    <subfield code="2">RML 01</subfield>
  </datafield>
  <datafield tag="899" ind1=" " ind2=" ">
    <subfield code="a">Biblioteca Vallicelliana. Roma</subfield>
    <subfield code="1">RM0281</subfield>
    <subfield code="2">RML 08</subfield>
  </datafield>
  <datafield tag="899" ind1=" " ind2=" ">
    <subfield code="a">Biblioteca Reale. Torino</subfield>
    <subfield code="1">TO0263</subfield>
    <subfield code="2">TO0 07</subfield>
  </datafield>
  <datafield tag="899" ind1=" " ind2=" ">
    <subfield code="a">British Library. London</subfield>
    <subfield code="1">UK0001</subfield>
  </datafield>
  <datafield tag="911" ind1=" " ind2=" ">
    <subfield code="a">Sul front.</subfield>
    <subfield code="9">IT\ICCU\CNCM\000497</subfield>
  </datafield>
  <datafield tag="921" ind1=" " ind2=" ">
    <subfield code="a">IT\ICCU\CNCM\000497</subfield>
    <subfield code="b">Due mani reggono un&apos;ancora che termina con un bastone a T sul quale si avvolge un serpente.</subfield>
    <subfield code="c">A145</subfield>
    <subfield code="c">V146</subfield>
    <subfield code="c">Z1038</subfield>
    <subfield code="d">Dimensioni: 3,3 x 3,5</subfield>
    <subfield code="f">ANCORA</subfield>
    <subfield code="f">MANI</subfield>
    <subfield code="f">SERPENTE</subfield>
    <subfield code="g">1558-1573</subfield>
  </datafield>
</record>
</collection>
